@book{alexandersadiku,
  title     = {Fundamentals of Electric Circuits},
  author    = {Alexander, Charles K. and Sadiku, Matthew N. O.},
  year      = {2007},
  publisher = {McGraw-Hill Higher Education}
}

@article{varaprasad,
  title   = {A mini review on hydrogels classification and recent developments in miscellaneous applications},
  author  = {Varaprasad, Kokkarachedu and Raghavendra, Gownolla M. and Jayaramudu, Tippabattini and Yallapu, Murali Mohan and Sadiku, Rotimi},
  journal = {Materials Science and Engineering: C},
  volume  = {79},
  pages   = {958--971},
  year    = {2017},
  publisher = {Elsevier}
}
